@article{wang2019design,
  title={Design and structural optimization of topological interlocking assemblies},
  author={Wang, Ziqi and Song, Peng and Isvoranu, Florin and Pauly, Mark},
  journal={ACM Transactions on Graphics (TOG)},
  volume={38},
  number={6},
  pages={1--13},
  year={2019},
  publisher={ACM New York, NY, USA}
}