@article{Bouaziz2012,
 author = {Bouaziz, Sofien and Deuss, Mario and Schwartzburg, Yuliy and Weise, Thibaut and Pauly, Mark},
 title = {Shape-Up: Shaping Discrete Geometry with Projections},
 journal = {Comp. Graph. Forum},
 year = {2012},
 note={(\href{http://lgg.epfl.ch/~bouaziz/pdf/ShapeUp_SGP2012.pdf}{pdf})},
} 

@article{Bouaziz2014,
 author = {Bouaziz, Sofien and Martin, Sebastian and Liu, Tiantian and Kavan, Ladislav and Pauly, Mark},
 title = {Projective Dynamics: Fusing Constraint Projections for Fast Simulation},
 journal = {ACM Trans. Graph.},
 year = {2014},
 note={(\href{http://lgg.epfl.ch/~bouaziz/pdf/Projective_SIGGRAPH2014.pdf}{pdf})},
}

@article{Deng2015,
title = {Interactive Design Exploration for Constrained Meshes},
journal = {Computer-Aided Design},
volume = {61},
pages = {13 -- 23},
year = {2015},
author = {Bailin Deng and Sofien Bouaziz and Mario Deuss and Alexandre Kaspar and Yuliy Schwartzburg and Mark Pauly},
note={(\href{http://lgg.epfl.ch/publications/2014/DesignExplorationCAD/DesignExplorationCAD.pdf}{pdf})},
}